<?xml version="1.0" encoding="UTF-8"?><collection xmlns="http://www.loc.gov/MARC21/slim"><record><leader>00556nam--2200193-i-4500</leader><controlfield tag="001">000047141</controlfield><controlfield tag="002">20161230</controlfield><controlfield tag="005">20161230201046</controlfield><controlfield tag="008">060222s1000------------r-----000-0-ger-d</controlfield><datafield ind1=" " ind2=" " tag="040"><subfield code="a">IFIN-HH</subfield></datafield><datafield ind1=" " ind2=" " tag="041"><subfield code="a">ger</subfield></datafield><datafield ind1=" " ind2=" " tag="080"><subfield code="a">539</subfield></datafield><datafield ind1="1" ind2=" " tag="100"><subfield code="a">Weibrecht, Rudolf</subfield></datafield><datafield ind1="1" ind2="0" tag="245"><subfield code="a">Der szintillationszahler. aufbau und wimkungsweise</subfield><subfield code="c">Rudlof weibrecht</subfield></datafield><datafield ind1=" " ind2=" " tag="260"><subfield code="a">Leipzig</subfield><subfield code="b">Veb Deutscher Verlag Fur Grundstoffindustrie</subfield><subfield code="c">1961</subfield></datafield><datafield ind1=" " ind2=" " tag="300"><subfield code="a">88P</subfield></datafield><datafield ind1=" " ind2=" " tag="490"><subfield code="a">Kleine Bibliothek Der Kerntechnik</subfield></datafield><datafield ind1=" " ind2=" " tag="852"><subfield code="a">4329</subfield><subfield code="c">539.1.07:539.1.08</subfield></datafield><datafield ind1=" " ind2=" " tag="CAT"><subfield code="a">Sys</subfield><subfield code="c">20111014</subfield><subfield code="h">141552</subfield></datafield></record></collection>